@ARTICLE{2019A&A...621L..10P,
   author = {{Portegies Zwart}, S.},
    title = "{The origin of the two populations of blue stragglers in M30}",
  journal = {\aap},
archivePrefix = "arXiv",
   eprint = {1811.00058},
 primaryClass = "astro-ph.SR",
 keywords = {methods: numerical, blue stragglers, globular clusters: general, stars: evolution},
     year = 2019,
    month = jan,
   volume = 621,
      eid = {L10},
    pages = {L10},
      doi = {10.1051/0004-6361/201833485},
   adsurl = {http://adsabs.harvard.edu/abs/2019A%26A...621L..10P},
  adsnote = {Provided by the SAO/NASA Astrophysics Data System}
}

@ARTICLE{2018ApJ...869L..29L,
   author = {{Leiner}, E. and {Mathieu}, R.~D. and {Gosnell}, N.~M. and {Sills}, A.},
    title = "{Observations of Spin-down in Post-mass-transfer Stars and the Possibility for Blue Straggler Gyrochronology}",
  journal = {\apjl},
 keywords = {accretion, accretion disks, binaries: general, binaries: spectroscopic, blue stragglers, stars: rotation, white dwarfs },
     year = 2018,
    month = dec,
   volume = 869,
      eid = {L29},
    pages = {L29},
      doi = {10.3847/2041-8213/aaf4ed},
   adsurl = {http://adsabs.harvard.edu/abs/2018ApJ...869L..29L},
  adsnote = {Provided by the SAO/NASA Astrophysics Data System}
}


@ARTICLE{1953AJ.....58...61S,
   author = {{Sandage}, A.~R.},
    title = "{The color-magnitude diagram for the globular cluster M 3.}",
  journal = {\aj},
     year = 1953,
   volume = 58,
    pages = {61-75},
      doi = {10.1086/106822},
   adsurl = {http://adsabs.harvard.edu/abs/1953AJ.....58...61S},
  adsnote = {Provided by the SAO/NASA Astrophysics Data System}
}

@ARTICLE{1997A&A...328..143P,
    author = {{Portegies Zwart}, S.~F. and {Hut}, P. and {McMillan}, S.~L.~W. and 
	{Verbunt}, F.},
    title = "{Star cluster ecology. II. Binary evolution with single-star encounters}",
    journal = {\aap},
    year = 1997,
    month = dec,
    volume = 328,
    pages = {143-157},
    adsurl = {http://adsabs.harvard.edu/cgi-bin/nph-bib_query?bibcode=1997A%26A...328..143P&amp;db_key=AST},
    adsnote = {Provided by the NASA Astrophysics Data System}
}

@ARTICLE{1995MNRAS.277.1491K,
   author = {{Kroupa}, P.},
    title = "{Inverse dynamical population synthesis and star formation}",
  journal = {\mnras},
   eprint = {astro-ph/9508117},
     year = 1995,
    month = dec,
   volume = 277,
      doi = {10.1093/mnras/277.4.1491},
   adsurl = {http://adsabs.harvard.edu/abs/1995MNRAS.277.1491K},
  adsnote = {Provided by the SAO/NASA Astrophysics Data System}
}

@ARTICLE{1997MNRAS.285...33B,
   author = {{Bate}, M.~R. and {Bonnell}, I.~A.},
    title = "{Accretion during binary star formation - II. Gaseous accretion and disc formation}",
  journal = {\mnras},
 keywords = {ACCRETION, ACCRETION DISCS, HYDRODYNAMICS, BINARIES: GENERAL, CIRCUMSTELLAR MATTER, STARS: FORMATION.},
     year = 1997,
    month = feb,
   volume = 285,
    pages = {33-48},
      doi = {10.1093/mnras/285.1.33},
   adsurl = {http://adsabs.harvard.edu/abs/1997MNRAS.285...33B},
  adsnote = {Provided by the SAO/NASA Astrophysics Data System}
}

@ARTICLE{2000MNRAS.314...33B,
   author = {{Bate}, M.~R.},
    title = "{Predicting the properties of binary stellar systems: the evolution of accreting protobinary systems}",
  journal = {\mnras},
   eprint = {astro-ph/0002143},
 keywords = {ACCRETION, ACCRETION DISCS, BINARIES: GENERAL, CIRCUMSTELLAR MATTER, STARS: FORMATION, STARS: LOW-MASS, BROWN DWARFS, STARS: LUMINOSITY FUNCTION, MASS FUNCTION},
     year = 2000,
    month = may,
   volume = 314,
    pages = {33-53},
      doi = {10.1046/j.1365-8711.2000.03333.x},
   adsurl = {http://adsabs.harvard.edu/abs/2000MNRAS.314...33B},
  adsnote = {Provided by the SAO/NASA Astrophysics Data System}
}

@ARTICLE{1991ApJS...76...55I,
   author = {{Iben}, Jr., I.},
    title = "{Single and binary star evolution}",
  journal = {\apjs},
 keywords = {Binary Stars, Stellar Evolution, Stellar Interiors, Stellar Models, Stellar Physics, Asymptotic Giant Branch Stars, Cataclysmic Variables, Cepheid Variables, Giant Stars, Hertzsprung-Russell Diagram, Horizontal Branch Stars, Solar Neutrinos, Stellar Mass, Stellar Oscillations, Symbiotic Stars, White Dwarf Stars},
     year = 1991,
    month = may,
   volume = 76,
    pages = {55-114},
      doi = {10.1086/191565},
   adsurl = {http://adsabs.harvard.edu/abs/1991ApJS...76...55I},
  adsnote = {Provided by the SAO/NASA Astrophysics Data System}
}

@BOOK{2009pfer.book.....M,
   author = {{Maeder}, A.},
    title = "{Physics, Formation and Evolution of Rotating Stars}",
 keywords = {Physics, Astrophysics, Astronomy},
booktitle = {Physics, Formation and Evolution of Rotating Stars: , Astronomy and Astrophysics Library.~ISBN 978-3-540-76948-4.~Springer Berlin Heidelberg, 2009},
     year = 2009,
      doi = {10.1007/978-3-540-76949-1},
   adsurl = {http://adsabs.harvard.edu/abs/2009pfer.book.....M},
  adsnote = {Provided by the SAO/NASA Astrophysics Data System}
}

@ARTICLE{2014ApJ...782...49S,
   author = {{Simunovic}, M. and {Puzia}, T.~H.},
    title = "{Blue Straggler Star Populations in Globular Clusters. I. Dynamical Properties of Blue Straggler Stars in NGC 3201, NGC 6218, and {$\omega$} Centauri}",
  journal = {\apj},
archivePrefix = "arXiv",
   eprint = {1312.2545},
 keywords = {globular clusters: individual: NGC 3201 NGC 5139 NGC 6218, stars: kinematics and dynamics, stars: rotation},
     year = 2014,
    month = feb,
   volume = 782,
      eid = {49},
    pages = {49},
      doi = {10.1088/0004-637X/782/1/49},
   adsurl = {http://adsabs.harvard.edu/abs/2014ApJ...782...49S},
  adsnote = {Provided by the SAO/NASA Astrophysics Data System}
}

@ARTICLE{1964MNRAS.128..147M,
   author = {{McCrea}, W.~H.},
    title = "{Extended main-sequence of some stellar clusters}",
  journal = {\mnras},
     year = 1964,
   volume = 128,
    pages = {147},
      doi = {10.1093/mnras/128.2.147},
   adsurl = {http://adsabs.harvard.edu/abs/1964MNRAS.128..147M},
  adsnote = {Provided by the SAO/NASA Astrophysics Data System}
}

@ARTICLE{2009Natur.457..288K,
   author = {{Knigge}, C. and {Leigh}, N. and {Sills}, A.},
    title = "{A binary origin for `blue stragglers' in globular clusters}",
  journal = {\nat},
archivePrefix = "arXiv",
   eprint = {0901.2345},
 primaryClass = "astro-ph.SR",
     year = 2009,
    month = jan,
   volume = 457,
    pages = {288-290},
      doi = {10.1038/nature07635},
   adsurl = {http://adsabs.harvard.edu/abs/2009Natur.457..288K},
  adsnote = {Provided by the SAO/NASA Astrophysics Data System}
}

@ARTICLE{2011MNRAS.410.2370L,
   author = {{Leigh}, N. and {Sills}, A.},
    title = "{An analytic technique for constraining the dynamical origins of multiple star systems containing merger products}",
  journal = {\mnras},
archivePrefix = "arXiv",
   eprint = {1009.0461},
 primaryClass = "astro-ph.SR",
 keywords = {stars: blue stragglers, galaxies: star clusters, stars: binaries},
     year = 2011,
    month = feb,
   volume = 410,
    pages = {2370-2384},
      doi = {10.1111/j.1365-2966.2010.17609.x},
   adsurl = {http://adsabs.harvard.edu/abs/2011MNRAS.410.2370L},
  adsnote = {Provided by the SAO/NASA Astrophysics Data System}
}

@ARTICLE{2007ApJ...661..210L,
   author = {{Leigh}, N. and {Sills}, A. and {Knigge}, C.},
    title = "{Where the Blue Stragglers Roam: Searching for a Link between Formation and Environment}",
  journal = {\apj},
   eprint = {astro-ph/0702349},
 keywords = {Stars: Blue Stragglers, Galaxy: Globular Clusters: General},
     year = 2007,
    month = may,
   volume = 661,
    pages = {210-221},
      doi = {10.1086/514330},
   adsurl = {http://adsabs.harvard.edu/abs/2007ApJ...661..210L},
  adsnote = {Provided by the SAO/NASA Astrophysics Data System}
}

@ARTICLE{2013MNRAS.428..897L,
   author = {{Leigh}, N. and {Knigge}, C. and {Sills}, A. and {Perets}, H.~B. and 
{Sarajedini}, A. and {Glebbeek}, E.},
    title = "{The origins of blue stragglers and binarity in globular clusters}",
  journal = {\mnras},
archivePrefix = "arXiv",
   eprint = {1210.0542},
 primaryClass = "astro-ph.SR",
 keywords = {methods: statistical, binaries: close, blue stragglers, globular clusters: general, stars: kinematics and dynamics, binaries: general},
     year = 2013,
    month = jan,
   volume = 428,
    pages = {897-905},
      doi = {10.1093/mnras/sts085},
   adsurl = {http://adsabs.harvard.edu/abs/2013MNRAS.428..897L},
  adsnote = {Provided by the SAO/NASA Astrophysics Data System}
}

@ARTICLE{2009ApJ...697.1048P,
   author = {{Perets}, H.~B. and {Fabrycky}, D.~C.},
    title = "{On the Triple Origin of Blue Stragglers}",
  journal = {\apj},
archivePrefix = "arXiv",
   eprint = {0901.4328},
 primaryClass = "astro-ph.SR",
 keywords = {binaries: close, binaries: general, blue stragglers, open clusters and associations: general, stellar dynamics},
     year = 2009,
    month = jun,
   volume = 697,
    pages = {1048-1056},
      doi = {10.1088/0004-637X/697/2/1048},
   adsurl = {http://adsabs.harvard.edu/abs/2009ApJ...697.1048P},
  adsnote = {Provided by the SAO/NASA Astrophysics Data System}
}

@ARTICLE{2001A&A...375..375V,
   author = {{van den Berg}, M. and {Orosz}, J. and {Verbunt}, F. and {Stassun}, K.
},
    title = "{The blue straggler S 1082: A triple system in the old open cluster M 67}",
  journal = {\aap},
   eprint = {astro-ph/0104322},
 keywords = {BINARIES: ECLIPSING, BINARIES: SPECTROSCOPIC, BLUE STRAGGLERS, STARS: INDIVIDUAL: S 1082, OPEN CLUSTERS AND ASSOCIATIONS: INDIVIDUAL: M 67},
     year = 2001,
    month = aug,
   volume = 375,
    pages = {375-386},
      doi = {10.1051/0004-6361:20010589},
   adsurl = {http://adsabs.harvard.edu/abs/2001A%26A...375..375V},
  adsnote = {Provided by the SAO/NASA Astrophysics Data System}
}

@ARTICLE{2003AJ....125..810S,
   author = {{Sandquist}, E.~L. and {Latham}, D.~W. and {Shetrone}, M.~D. and 
{Milone}, A.~A.~E.},
    title = "{The Blue Straggler RS Canum Venaticorum Star S1082 in M67: A Detailed Light Curve and the Possibility of a Triple}",
  journal = {\aj},
   eprint = {astro-ph/0211313},
 keywords = {Stars: Blue Stragglers, open clusters: individual (NGC 2682), Stars: Abundances},
     year = 2003,
    month = feb,
   volume = 125,
    pages = {810-824},
      doi = {10.1086/346087},
   adsurl = {http://adsabs.harvard.edu/abs/2003AJ....125..810S},
  adsnote = {Provided by the SAO/NASA Astrophysics Data System}
}

@ARTICLE{2011Natur.478..356G,
   author = {{Geller}, A.~M. and {Mathieu}, R.~D.},
    title = "{A mass transfer origin for blue stragglers in NGC 188 as revealed by half-solar-mass companions}",
  journal = {\nat},
archivePrefix = "arXiv",
   eprint = {1110.3793},
 primaryClass = "astro-ph.SR",
     year = 2011,
    month = oct,
   volume = 478,
    pages = {356-359},
      doi = {10.1038/nature10512},
   adsurl = {http://adsabs.harvard.edu/abs/2011Natur.478..356G},
  adsnote = {Provided by the SAO/NASA Astrophysics Data System}
}

@ARTICLE{2009Natur.462.1032M,
   author = {{Mathieu}, R.~D. and {Geller}, A.~M.},
    title = "{A binary star fraction of 76 per cent and unusual orbit parameters for the blue stragglers of NGC 188}",
  journal = {\nat},
     year = 2009,
    month = dec,
   volume = 462,
    pages = {1032-1035},
      doi = {10.1038/nature08568},
   adsurl = {http://adsabs.harvard.edu/abs/2009Natur.462.1032M},
  adsnote = {Provided by the SAO/NASA Astrophysics Data System}
}

@ARTICLE{1989AJ.....98..217L,
   author = {{Leonard}, P.~J.~T.},
    title = "{Stellar collisions in globular clusters and the blue straggler problem}",
  journal = {\aj},
 keywords = {Binary Stars, Blue Stars, Collisions, Globular Clusters, Main Sequence Stars, Dwarf Galaxies, Open Clusters, Star Clusters, Stellar Systems},
     year = 1989,
    month = jul,
   volume = 98,
    pages = {217-226},
      doi = {10.1086/115138},
   adsurl = {http://adsabs.harvard.edu/abs/1989AJ.....98..217L},
  adsnote = {Provided by the SAO/NASA Astrophysics Data System}
}

@ARTICLE{2012MNRAS.425.2369L,
   author = {{Leigh}, N. and {Geller}, A.~M.},
    title = "{Small-N collisional dynamics: pushing into the realm of not-so-small N}",
  journal = {\mnras},
archivePrefix = "arXiv",
   eprint = {1207.2469},
 primaryClass = "astro-ph.SR",
 keywords = {scattering, gravitation, methods: statistical, celestial mechanics, binaries: close },
     year = 2012,
    month = sep,
   volume = 425,
    pages = {2369-2377},
      doi = {10.1111/j.1365-2966.2012.21689.x},
   adsurl = {http://adsabs.harvard.edu/abs/2012MNRAS.425.2369L},
  adsnote = {Provided by the SAO/NASA Astrophysics Data System}
}

@ARTICLE{1983ApJ...268..368E,
   author = {{Eggleton}, P.~P.},
    title = "{Approximations to the radii of Roche lobes}",
  journal = {\apj},
 keywords = {Binary Stars, Celestial Mechanics, Orbital Elements, Roche Limit, Mass Ratios, Radii},
     year = 1983,
    month = may,
   volume = 268,
    pages = {368},
      doi = {10.1086/160960},
   adsurl = {http://adsabs.harvard.edu/abs/1983ApJ...268..368E},
  adsnote = {Provided by the SAO/NASA Astrophysics Data System}
}

@ARTICLE{2013MNRAS.429.1221H,
   author = {{Hypki}, A. and {Giersz}, M.},
    title = "{MOCCA code for star cluster simulations - I. Blue stragglers, first results}",
  journal = {\mnras},
archivePrefix = "arXiv",
   eprint = {1207.6700},
 keywords = {methods: numerical, blue stragglers, globular clusters: general},
     year = 2013,
    month = feb,
   volume = 429,
    pages = {1221-1243},
      doi = {10.1093/mnras/sts415},
   adsurl = {http://adsabs.harvard.edu/abs/2013MNRAS.429.1221H},
  adsnote = {Provided by the SAO/NASA Astrophysics Data System}
}



@ARTICLE{2018ApJ...854...44M,
   author = {{Moe}, M. and {Kratter}, K.~M.},
    title = "{Dynamical Formation of Close Binaries during the Pre-main-sequence Phase}",
  journal = {\apj},
archivePrefix = "arXiv",
   eprint = {1706.09894},
 primaryClass = "astro-ph.SR",
 keywords = {binaries: close, stars: formation, stars: kinematics and dynamics, stars: pre-main sequence},
     year = 2018,
    month = feb,
   volume = 854,
      eid = {44},
    pages = {44},
      doi = {10.3847/1538-4357/aaa6d2},
   adsurl = {http://adsabs.harvard.edu/abs/2018ApJ...854...44M},
  adsnote = {Provided by the SAO/NASA Astrophysics Data System}
}

@ARTICLE{2012MNRAS.419.3115B,
   author = {{Bate}, M.~R.},
    title = "{Stellar, brown dwarf and multiple star properties from a radiation hydrodynamical simulation of star cluster formation}",
  journal = {\mnras},
archivePrefix = "arXiv",
   eprint = {1110.1092},
 primaryClass = "astro-ph.SR",
 keywords = {hydrodynamics, radiative transfer, binaries: general, stars: formation, stars: low-mass, stars: luminosity function, mass function},
     year = 2012,
    month = feb,
   volume = 419,
    pages = {3115-3146},
      doi = {10.1111/j.1365-2966.2011.19955.x},
   adsurl = {http://adsabs.harvard.edu/abs/2012MNRAS.419.3115B},
  adsnote = {Provided by the SAO/NASA Astrophysics Data System}
}

@ARTICLE{2004MNRAS.350..615G,
   author = {{Gualandris}, A. and {Portegies Zwart}, S. and {Eggleton}, P.~P.
	},
    title = "{N-body simulations of stars escaping from the Orion nebula}",
  journal = {\mnras},
   eprint = {arXiv:astro-ph/0401451},
     year = 2004,
    month = may,
   volume = 350,
    pages = {615-626},
      doi = {10.1111/j.1365-2966.2004.07673.x},
   adsurl = {http://adsabs.harvard.edu/abs/2004MNRAS.350..615G},
  adsnote = {Provided by the Smithsonian/NASA Astrophysics Data System}
}

@ARTICLE{2011Sci...334.1380F,
   author = {{Fujii}, M.~S. and {Portegies Zwart}, S.},
    title = "{The Origin of OB Runaway Stars}",
  journal = {Science},
archivePrefix = "arXiv",
   eprint = {1111.3644},
 primaryClass = "astro-ph.GA",
     year = 2011,
    month = dec,
   volume = 334,
    pages = {1380-},
      doi = {10.1126/science.1211927},
   adsurl = {http://adsabs.harvard.edu/abs/2011Sci...334.1380F},
  adsnote = {Provided by the SAO/NASA Astrophysics Data System}
}

@BOOK{AMUSE,
    author = {{Portegies Zwart}, S.F. and {McMillan}, S.L.W.},
    title = "{Astrophysical Recipes: the Art of AMUSE}",
    publisher = {AAS IOP Astronomy ({\em in press})},
    year = 2018
}

@ARTICLE{2010yCat..73890925T,
   author = {{Tokovinin}, A.},
    title = "{Triple and quadruple stars (Tokovinin, 2008)}",
  journal = {VizieR Online Data Catalog},
 keywords = {Stars: double and multiple, Stars: masses},
     year = 2010,
    month = feb,
   volume = 738,
    pages = {90925-+},
   adsurl = {http://adsabs.harvard.edu/abs/2010yCat..73890925T},
  adsnote = {Provided by the SAO/NASA Astrophysics Data System}
}

@ARTICLE{2011Sci...334.1380F,
   author = {{Fujii}, M.~S. and {Portegies Zwart}, S.},
    title = "{The Origin of OB Runaway Stars}",
  journal = {Science},
archivePrefix = "arXiv",
   eprint = {1111.3644},
 primaryClass = "astro-ph.GA",
     year = 2011,
    month = dec,
   volume = 334,
    pages = {1380-},
      doi = {10.1126/science.1211927},
   adsurl = {http://adsabs.harvard.edu/abs/2011Sci...334.1380F},
  adsnote = {Provided by the SAO/NASA Astrophysics Data System}
}

@ARTICLE{2018arXiv181100058P,
   author = {{Portegies Zwart}, S.},
    title = "{The origin of the two populations of blue stragglers in M30}",
  journal = {arXiv e-prints},
archivePrefix = "arXiv",
   eprint = {1811.00058},
 primaryClass = "astro-ph.SR",
 keywords = {Astrophysics - Solar and Stellar Astrophysics, Astrophysics - Astrophysics of Galaxies},
     year = 2018,
    month = oct,
   adsurl = {http://adsabs.harvard.edu/abs/2018arXiv181100058P},
  adsnote = {Provided by the SAO/NASA Astrophysics Data System}
}

@ARTICLE{2018arXiv181208175M,
   author = {{M{\"o}sta}, P. and {Taam}, R.~E. and {Duffell}, P.~C.},
    title = "{Gas Flows Within Cavities of Circumbinary Discs in Eccentric Binary Protostellar Systems}",
  journal = {arXiv e-prints},
archivePrefix = "arXiv",
   eprint = {1812.08175},
 primaryClass = "astro-ph.SR",
 keywords = {Astrophysics - Solar and Stellar Astrophysics, Astrophysics - Earth and Planetary Astrophysics},
     year = 2018,
    month = dec,
   adsurl = {http://adsabs.harvard.edu/abs/2018arXiv181208175M},
  adsnote = {Provided by the SAO/NASA Astrophysics Data System}
}

@ARTICLE{2011MNRAS.413.2679D,
   author = {{de Val-Borro}, M. and {Gahm}, G.~F. and {Stempels}, H.~C. and 
	{Pepli{\'n}ski}, A.},
    title = "{Modelling circumbinary gas flows in close T Tauri binaries}",
  journal = {\mnras},
archivePrefix = "arXiv",
   eprint = {1101.3334},
 primaryClass = "astro-ph.SR",
 keywords = {accretion, accretion discs, hydrodynamics, binaries: close, stars: individual: DQ Tau, stars: individual: V4046 Sgr, stars: pre-main-sequence},
     year = 2011,
    month = jun,
   volume = 413,
    pages = {2679-2688},
      doi = {10.1111/j.1365-2966.2011.18339.x},
   adsurl = {http://adsabs.harvard.edu/abs/2011MNRAS.413.2679D},
  adsnote = {Provided by the SAO/NASA Astrophysics Data System}
}

@ARTICLE{1995A&A...296..691P,
    author = {{Portegies Zwart}, S.~F.},
    title = "{The formation of Be stars in close binary systems. The importance of kicks and angular-momentum loss}",
    journal = {\aap},
    year = 1995,
    month = apr,
    volume = 296,
    pages = {691-+},
    adsurl = {http://adsabs.harvard.edu/cgi-bin/nph-bib_query?bibcode=1995A%26A...296..691P&amp;db_key=AST},
    adsnote = {Provided by the NASA Astrophysics Data System}
}

@BOOK{2002apa..book.....F,
   author = {{Frank}, J. and {King}, A. and {Raine}, D.~J.},
    title = "{Accretion Power in Astrophysics: Third Edition}",
booktitle = {Accretion Power in Astrophysics, by Juhan Frank and Andrew King and Derek Raine, pp.~398.~ISBN 0521620538.~Cambridge, UK: Cambridge University Press, February 2002.},
     year = 2002,
    month = jan,
    pages = {398},
   adsurl = {http://adsabs.harvard.edu/abs/2002apa..book.....F},
  adsnote = {Provided by the SAO/NASA Astrophysics Data System}
}

@ARTICLE{2011ApJS..192....3P,
   author = {{Paxton}, B. and {Bildsten}, L. and {Dotter}, A. and {Herwig}, F. and 
	{Lesaffre}, P. and {Timmes}, F.},
    title = "{Modules for Experiments in Stellar Astrophysics (MESA)}",
  journal = {\apjs},
archivePrefix = "arXiv",
   eprint = {1009.1622},
 primaryClass = "astro-ph.SR",
 keywords = {methods: numerical, stars: evolution, stars: general},
     year = 2011,
    month = jan,
   volume = 192,
      eid = {3},
    pages = {3},
      doi = {10.1088/0067-0049/192/1/3},
   adsurl = {http://adsabs.harvard.edu/abs/2011ApJS..192....3P},
  adsnote = {Provided by the SAO/NASA Astrophysics Data System}
}

@INPROCEEDINGS{1999ASIC..522..385M,
   author = {{Mardling}, R. and {Aarseth}, S.},
    title = "{Dynamics and Stability of Three-Body Systems}",
booktitle = {NATO Advanced Science Institutes (ASI) Series C},
     year = 1999,
   series = {NATO Advanced Science Institutes (ASI) Series C},
   volume = 522,
   editor = {{Steves}, B.~A. and {Roy}, A.~E.},
    pages = {385},
   adsurl = {http://adsabs.harvard.edu/abs/1999ASIC..522..385M},
  adsnote = {Provided by the SAO/NASA Astrophysics Data System}
}

@ARTICLE{1975AJ.....80..809H,
    author = {{Hills}, J.\ G.},
    title = {``Encounters between binary and single stars and their
		  effect on the dynamical evolution of stellar
		  systems''},
    journal = {\aj},
    year = 1975,
    month = oct,
    volume = 80,
    pages = {809--825},
    url =
		  {http://adsabs.harvard.edu/cgi-bin/nph-bib_query?bibcode=1975AJ.....80..809H&db_key=AST},
    adsnote = {Provided by the NASA Astrophysics Data System}
}

@ARTICLE{1997A&A...328L..33P,
    author = {{Portegies Zwart}, S.~F. and {Kouwenhoven}, M.~L.~A. and {Reynolds}, A.~P.
	},
    title = "{Observational constraints on kicks in supernovae}",
    journal = {\aap},
    year = 1997,
    month = dec,
    volume = 328,
    pages = {L33-L36},
    adsurl = {http://adsabs.harvard.edu/cgi-bin/nph-bib_query?bibcode=1997A%26A...328L..33P&amp;db_key=AST},
    adsnote = {Provided by the NASA Astrophysics Data System}
}

@ARTICLE{1997A&A...328..130P,
    author = {{Portegies Zwart}, S.~F. and {Hut}, P. and {Verbunt}, F.},
    title = "{Star cluster ecology. I. A cluster core with encounters between single stars}",
    journal = {\aap},
    year = 1997,
    month = dec,
    volume = 328,
    pages = {130-142},
    adsurl = {http://adsabs.harvard.edu/cgi-bin/nph-bib_query?bibcode=1997A%26A...328..130P&amp;db_key=AST},
    adsnote = {Provided by the NASA Astrophysics Data System}
}

@ARTICLE{2016MNRAS.455..462V,
   author = {{van der Helm}, E. and {Portegies Zwart}, S. and {Pols}, O.},
    title = "{Simulations of the tidal interaction and mass transfer of a star in an eccentric orbit around an intermediate-mass black hole: the case of HLX-1}",
  journal = {\mnras},
archivePrefix = "arXiv",
   eprint = {1510.01879},
 primaryClass = "astro-ph.HE",
 keywords = {hydrodynamics, methods: numerical, binaries: close, stars: kinematics and dynamics, X-rays: binaries, X-rays: individual (HLX-1)},
     year = 2016,
    month = jan,
   volume = 455,
    pages = {462-475},
      doi = {10.1093/mnras/stv2318},
   adsurl = {http://adsabs.harvard.edu/abs/2016MNRAS.455..462V},
  adsnote = {Provided by the SAO/NASA Astrophysics Data System}
}

@ARTICLE{2016ApJ...832L..13L,
       author = {{Leiner}, Emily and {Mathieu}, Robert D. and {Stello}, Dennis and
        {Vanderburg}, Andrew and {Sandquist}, Eric},
        title = "{The K2 M67 Study: An Evolved Blue Straggler in M67 from K2 Mission Asteroseismology}",
      journal = {\apj},
     keywords = {asteroseismology, binaries: spectroscopic, blue stragglers, open clusters and associations: individual: M67, stars: evolution, Astrophysics - Solar and Stellar Astrophysics},
         year = 2016,
        month = Nov,
       volume = {832},
          eid = {L13},
        pages = {L13},
          doi = {10.3847/2041-8205/832/1/L13},
archivePrefix = {arXiv},
       eprint = {1611.01158},
 primaryClass = {astro-ph.SR},
       adsurl = {https://ui.adsabs.harvard.edu/\#abs/2016ApJ...832L..13L},
      adsnote = {Provided by the SAO/NASA Astrophysics Data System}
}

@article{PortegiesZwart2013456,
author = "Simon F. {Portegies Zwart} and Stephen L.W. McMillan and Arjen van Elteren and F. Inti Pelupessy and Nathan de Vries",
title = "Multi-physics simulations using a hierarchical interchangeable software interface",
journal = "Computer Physics Communications",
volume = "184",
number = "3",
pages = "456 - 468",
year = "2013",
note = "",
issn = "0010-4655",
doi = "10.1016/j.cpc.2012.09.024",
url = "http://www.sciencedirect.com/science/article/pii/S0010465512003116",
keywords = "Computer applications",
keywords = "Physical sciences and engineering",
keywords = "Astronomy",
keywords = "Computing methodologies: simulation modeling, and visualization",
keywords = "Distributed computing"
}

@ARTICLE{1996A&A...309..179P,
    author = {{Portegies Zwart}, S.~F. and {Verbunt}, F.},
    title = "{Population synthesis of high-mass binaries.}",
    journal = {\aap},
    year = 1996,
    month = may,
    volume = 309,
    pages = {179-196},
    adsurl = {http://adsabs.harvard.edu/cgi-bin/nph-bib_query?bibcode=1996A%26A...309..179P&amp;db_key=AST},
    adsnote = {Provided by the NASA Astrophysics Data System}
}

@ARTICLE{2014MNRAS.438.1909D,
   author = {{de Vries}, N. and {Portegies Zwart}, S. and {Figueira}, J.},
    title = "{The evolution of triples with a Roche lobe filling outer star}",
  journal = {\mnras},
archivePrefix = "arXiv",
   eprint = {1309.1475},
 primaryClass = "astro-ph.SR",
 keywords = {gravitation, hydrodynamics, methods: numerical, binaries: close, stars: evolution},
     year = 2014,
    month = mar,
   volume = 438,
    pages = {1909-1921},
      doi = {10.1093/mnras/stt1688},
   adsurl = {http://adsabs.harvard.edu/abs/2014MNRAS.438.1909D},
  adsnote = {Provided by the SAO/NASA Astrophysics Data System}
}

@INPROCEEDINGS{1995LesHouchesSWhite,
    author = {{White}, S.D.M.},
    title = "{Formation and evolution of Galaxies}",
booktitle = {Stellar Populations},
   series = {Les Houches lectures,  vol.\, 164. Springer, Dordrecht
   editor = {{van der Kruit}, P. and {Gilmore}, G.},
   year = 1995,
   eprint = {1994astro.ph.10043W},
    volume = {164}
}

@ARTICLE{2012NewA...17..711P,
   author = {{Pelupessy}, F.~I. and {J{\"a}nes}, J. and {Portegies Zwart}, S.
	},
    title = "{N-body integrators with individual time steps from Hierarchical splitting}",
  journal = {\na},
archivePrefix = "arXiv",
   eprint = {1205.5668},
 primaryClass = "astro-ph.IM",
     year = 2012,
    month = nov,
   volume = 17,
    pages = {711-719},
      doi = {10.1016/j.newast.2012.05.009},
   adsurl = {http://adsabs.harvard.edu/abs/2012NewA...17..711P},
  adsnote = {Provided by the SAO/NASA Astrophysics Data System}
}

@MISC{2000ascl.soft03001S,
   author = {{Springel}, V.},
    title = "{GADGET-2: A Code for Cosmological Simulations of Structure Formation}",
 keywords = {Software},
howpublished = {Astrophysics Source Code Library},
     year = 2000,
    month = mar,
archivePrefix = "ascl",
   eprint = {0003.001},
   adsurl = {http://adsabs.harvard.edu/abs/2000ascl.soft03001S},
  adsnote = {Provided by the SAO/NASA Astrophysics Data System}
}

@ARTICLE{2007PASJ...59.1095F,
   author = {{Fujii}, M. and {Iwasawa}, M. and {Funato}, Y. and {Makino}, J.
	},
    title = "{BRIDGE: A Direct-Tree Hybrid N-Body Algorithm for Fully Self-Consistent Simulations of Star Clusters and Their Parent Galaxies}",
  journal = {\pasj},
archivePrefix = "arXiv",
   eprint = {0706.2059},
 keywords = {galaxies: star clusters, methods: numerical, n-body simulations, stellar dynamics},
     year = 2007,
    month = dec,
   volume = 59,
    pages = {1095-},
   adsurl = {http://adsabs.harvard.edu/abs/2007PASJ...59.1095F},
  adsnote = {Provided by the SAO/NASA Astrophysics Data System}
}

@ARTICLE{2017MNRAS.466.1170M,
   author = {{Miranda}, R. and {Mu{\~n}oz}, D.~J. and {Lai}, D.},
    title = "{Viscous hydrodynamics simulations of circumbinary accretion discs: variability, quasi-steady state and angular momentum transfer}",
  journal = {\mnras},
archivePrefix = "arXiv",
   eprint = {1610.07263},
 primaryClass = "astro-ph.SR",
 keywords = {accretion, accretion discs, black hole physics, hydrodynamics, binaries: general, stars: pre-main-sequence},
     year = 2017,
    month = apr,
   volume = 466,
    pages = {1170-1191},
      doi = {10.1093/mnras/stw3189},
   adsurl = {http://adsabs.harvard.edu/abs/2017MNRAS.466.1170M},
  adsnote = {Provided by the SAO/NASA Astrophysics Data System}
}

@ARTICLE{2012ApJ...749..118S,
   author = {{Shi}, J.-M. and {Krolik}, J.~H. and {Lubow}, S.~H. and {Hawley}, J.~F.
	},
    title = "{Three-dimensional Magnetohydrodynamic Simulations of Circumbinary Accretion Disks: Disk Structures and Angular Momentum Transport}",
  journal = {\apj},
archivePrefix = "arXiv",
   eprint = {1110.4866},
 primaryClass = "astro-ph.HE",
 keywords = {accretion, accretion disks, binaries: general, magnetohydrodynamics: MHD, methods: numerical},
     year = 2012,
    month = apr,
   volume = 749,
      eid = {118},
    pages = {118},
      doi = {10.1088/0004-637X/749/2/118},
   adsurl = {http://adsabs.harvard.edu/abs/2012ApJ...749..118S},
  adsnote = {Provided by the SAO/NASA Astrophysics Data System}
}

@ARTICLE{2016MNRAS.460.3545D,
   author = {{de Mink}, S.~E. and {Mandel}, I.},
    title = "{The chemically homogeneous evolutionary channel for binary black hole mergers: rates and properties of gravitational-wave events detectable by advanced LIGO}",
  journal = {\mnras},
archivePrefix = "arXiv",
   eprint = {1603.02291},
 primaryClass = "astro-ph.HE",
 keywords = {gravitational waves, binaries: close, stars: black holes, stars: massive},
     year = 2016,
    month = aug,
   volume = 460,
    pages = {3545-3553},
      doi = {10.1093/mnras/stw1219},
   adsurl = {http://adsabs.harvard.edu/abs/2016MNRAS.460.3545D},
  adsnote = {Provided by the SAO/NASA Astrophysics Data System}
}

@misc{portegies_zwart_simon_2018_1443252,
  author       = {Portegies Zwart, Simon and
                  van Elteren, Arjen and
                  Pelupessy, Inti and
                  McMillan, Steve and
                  Rieder, Steven and
                  de Vries, Nathan and
                  Marosvolgyi, Marcell and
                  Whitehead, Alfred and
                  Wall, Joshua and
                  Drost, Niels and
                  Jilkova, Lucie and
                  Martinez Barbosa, Carmen and
                  van der Helm, Edwin and
                  Beedorf, Jeroen and
                  Bos, Patrick and
                  Boekholt, Tjarda and
                  van Werkhoven, Ben and
                  Wijnen, Thomas and
                  Hamers, Adrian and
                  Caputo, Daniel and
                  Ferrari, Guilherme and
                  Toonen, Silvia and
                  Gaburov, Evghenii and
                  Paardekooper, Jan-Pieter and
                  Janes, Jurgen and
                  Punzo, Davide and
                  Kruip, Chael and
                  Altay, Gabriel},
  title        = {{AMUSE: the Astrophysical Multipurpose Software 
                   Environment}},
  month        = oct,
  year         = 2018,
  doi          = {10.5281/zenodo.1443252},
  url          = {https://doi.org/10.5281/zenodo.1443252}
}

@MISC{2010ascl.soft10083P,
   author = {{Paxton}, B. and {Bildsten}, L. and {Dotter}, A. and {Herwig}, F. and 
	{Lesaffre}, P. and {Timmes}, F.},
    title = "{MESA: Modules for Experiments in Stellar Astrophysics}",
 keywords = {Software},
howpublished = {Astrophysics Source Code Library},
     year = 2010,
    month = oct,
archivePrefix = "ascl",
   eprint = {1010.083},
   adsurl = {http://adsabs.harvard.edu/abs/2010ascl.soft10083P},
  adsnote = {Provided by the SAO/NASA Astrophysics Data System}
}

@MISC{2012ascl.soft01003P,
   author = {{Portegies Zwart}, S.~F. and {Verbunt}, F.},
    title = "{SeBa: Stellar and binary evolution}",
 keywords = {Software},
howpublished = {Astrophysics Source Code Library},
     year = 2012,
    month = jan,
archivePrefix = "ascl",
   eprint = {1201.003},
   adsurl = {http://adsabs.harvard.edu/abs/2012ascl.soft01003P},
  adsnote = {Provided by the SAO/NASA Astrophysics Data System}
}

@ARTICLE{2007CSE.....9...90H,
   author = {{Hunter}, J.~D.},
    title = "{Matplotlib: A 2D Graphics Environment}",
  journal = {Computing in Science and Engineering},
 keywords = {Python, Scripting languages, Application development, Scientific programming  },
     year = 2007,
    month = may,
   volume = 9,
    pages = {90-95},
      doi = {10.1109/MCSE.2007.55},
   adsurl = {http://adsabs.harvard.edu/abs/2007CSE.....9...90H},
  adsnote = {Provided by the SAO/NASA Astrophysics Data System}
}

@book{Oliphant2006ANumPy,
    title = {{A guide to NumPy}},
    year = {2006},
    author = {Oliphant, Travis E},
    volume = {1},
    publisher = {Trelgol Publishing USA}
}

@ARTICLE{2013CoPhC.183..456P,
   author = {{Portegies Zwart}, S. and {McMillan}, S.~L.~W. and {van Elteren}, E. and 
	{Pelupessy}, I. and {de Vries}, N.},
    title = "{Multi-physics simulations using a hierarchical interchangeable software interface}",
  journal = {Computer Physics Communications},
archivePrefix = "arXiv",
   eprint = {1204.5522},
 primaryClass = "astro-ph.IM",
 keywords = {Computer applications, Physical sciences and engineering, Astronomy, Computing methodologies: simulation modeling, and visualization, Distributed computing},
     year = 2013,
    month = mar,
   volume = 183,
    pages = {456-468},
      doi = {http://dx.doi.org/10.1016/j.cpc.2012.09.024},
   adsurl = {http://adsabs.harvard.edu/abs/2013CoPhC.183..456P},
  adsnote = {Provided by the SAO/NASA Astrophysics Data System}
}
