\begin{thebibliography}{}

%\bibitem[\protect\citeauthoryear{Anderson et al.}{2008}]{anderson08}
% Anderson J.,  Sarajedini A., Bedin L. R., King I. R., Piotto G.,
%  Reid I. N., Siegel M., Majewski S. R., Paust N. E. Q., Aparicio A.,
%  Milone A. P., Chaboyer B., Rosenberg A. 2008, AJ, 135, 2055
%\bibitem[\protect\citeauthoryear{Artymowicz et al.}{1993}]{artymowicz93} Artymowicz P., Lin D. N. C., Wampler E. J. 1993, ApJ, 409, 592 
%\bibitem[\protect\citeauthoryear{Bartos et al.}{2017}]{Bartos17} Bartos I., Kocsis B., Haiman Z. \& M\'{a}rka S., 2017, ApJ, 835, 165
%\bibitem[\protect\citeauthoryear{Bartko et al.}{2009}]{Bartko09} Bartko H., Martins F., Trippe S., Fritz T. K., Genzel R., Ott T., Eisenhauer F., Gillessen S., Paumard T., Alexander T., Dodds-Eden K., Gerhard O., Levin Y., Mascetti L., Nayakshin S., Perets H. B., Perrin G., Pfuhl O., Reid M. J., Rouan D., Sternberg A., Trippe S., 2009, ApJ, 697, 1741
%\bibitem[\protect\citeauthoryear{Bartko et al.}{2010}]{Bartko10} Bartko H., Martins F., Fritz T. K., Genzel R., Levin Y., Perets H. B., Paumard T., Nayakshin S., Gerhard O., Alexander T., Dodds-Eden K., Eisenhauer F., Gillessen S., Mascetti L., Ott T., Perrin G., Pfuhl O., Reid M. J., Rouan D., Zilka M., Sternberg A., 2010, ApJ, 708, 834
%\bibitem[\protect\citeauthoryear{Baruteau et al.}{2011}]{Baruteau11} Baruteau C., Cuadra J. \& Lin D.N.C., 2011, ApJ, 726, 28
%\bibitem[\protect\citeauthoryear{Bedin et al.}{2010}]{bedin10} Bedin L. R., Cassisi S., Castelli F., Piotto G., Anderson J., Salaris M., Momany Y., Pietrinferni A. 2010, MNRAS 357, 1038
%\bibitem[\protect\citeauthoryear{Bender et al.}{2005}]{bender05} Bender R., Kormendy J., Bower G., et al. 2005, ApJ, 631, 280
%\bibitem[\protect\citeauthoryear{Bruzual \& Charlot}{2003}]{bruzual03} Bruzual G., Charlot S. 2003, MNRAS, 344, 1000 
%\bibitem[\protect\citeauthoryear{Casassus et al.}{2013}]{casassus13} Casassus S., Hales A., de Gregorio I., Dent B., Belloche A., G\"usten R., M\'enard F., Hughes A. M., Wilner D., Salinas V. 2013, A\&A, 553, 64 
%\bibitem[\protect\citeauthoryear{Ceillier et al.}{2017}]{ceillier17} Ceillier T., Tayar J., Mathur S., Salabert D., Garc\'ia R. A., Stello D., Pinsonneault M. H., van Sanders J., Beck P. G., Bloemen S. 2017, A\& A, 605, 111 
\bibitem[\protect\citeauthoryear{Chatterjee et al.}{2013}]{chatterjee13} Chatterjee S., Rasio F. A., Sills A., Glebbeek E. 2013, ApJ, 777, 106  
\bibitem[\protect\citeauthoryear{Farris et al.}{2015}]{farris15} Farris B. D., Duffell P., MacFayden A. I., Haiman Z. 2014, ApJ, 783, 134 
%\bibitem[\protect\citeauthoryear{Chen \& Amaro-Seoane}{2015}]{chen15} Chen X., Amaro-Seoane P. 2015, Classical and Quantum Gravity, 32, 6 
%\bibitem[\protect\citeauthoryear{Dotter et al.}{2010}]{dotter10} Dotter, A., Sarajedini A., Anderson J., Aparicio A., Bedin L. R., Chaboyer B., Majewski S., Marin-Franch A., Milone A., Paust N., Piotto G., Reid N., Rosenberg A., Siegel M. 2010, ApJ 708, 698â€¨
%\bibitem[\protect\citeauthoryear{Dalessandro et al.}{2013}]{dalessandro13} Dalessandro E., Ferraro F. R., Massari D., Lanzoni B., Miocchi R. P., Beccari G., Bellini A., Sills A., Sigurdsson S., Mucciarelli A., Lovisi L. 2013, ApJ, 778, 135
%\bibitem[\protect\citeauthoryear{Eggleton}{1983}]{eggleton83} Eggleton P. P. 1983, ApJ, 268, 368 
%\bibitem[\protect\citeauthoryear{Flock et al.}{2015}]{flock15} Flock M., Ruge J. P., Dzyurkevich N., Henning Th., Klahr H., Wolf S. 2015, A\&A, 574, 68
%\bibitem[\protect\citeauthoryear{Ferraro et al.}{1997}]{ferraro97}
%  Ferraro F. R., Paltrinieri B., Fusi Pecci F., Cacciari C., Dorman
%  B., Rood R. T., Buonanno R., Corsi C. E., Burgarella D., Laget
%  M. 1997, A\&A, 324, 915
%\bibitem[\protect\citeauthoryear{Ferraro et al.}{1999}]{ferraro99}
%  Ferraro F. R., Paltrinieri B., Rood R. T., Dorman B. 1999, ApJ, 522,
%  983
%\bibitem[\protect\citeauthoryear{Ferraro et al.}{2004}]{ferraro04}
%  Ferraro F. R., Beccari G., Rood, R. T., Bellazzini M., Sills A.,
%  Sabbi E. 2004, ApJ, 603, 127
%\bibitem[\protect\citeauthoryear{Ferraro, Valenti \& Origlia}{2006}]{ferraro06} Ferraro F. R., Valenti E., Origlia L. 2006, ApJ, 649, 243
%\bibitem[\protect\citeauthoryear{Ferraro et al.}{2009}]{ferraro09} Ferraro F. R., Beccari G., Dalessandro E., Lanzoni B., Sills A., Rood R. T., Pecci F. F., Karakas A. I., Miocchi P., Bovinelli S. 2009, Nature, 462, 1028  
%\bibitem[\protect\citeauthoryear{Fregeau et al.}{2004}]{fregeau04} Fregeau J. M., Cheung P.,
%  Portegies Zwart S. F., Rasio F. A. 2004, MNRAS, 352, 1
%\bibitem[\protect\citeauthoryear{Fregeau, Ivanova \& Rasio}{2009}]{fregeau09} Fregeau J. M., Ivanova N.,
%  Rasio F. A. 2009, ApJ, 707, 1533
%\bibitem[\protect\citeauthoryear{Geller at al.}{2009}]{geller09}
%  Geller A. M., Mathieu R. D., Harris H. C., McClure R. D., 2009,
%  AJ, 137, 3743
\bibitem[\protect\citeauthoryear{Geller \& Mathieu}{2011}]{geller11}
  Geller A. M., Mathieu R. D. 2011, Nature, 478, 356
\bibitem[\protect\citeauthoryear{Geller \& Mathieu}{2012}]{geller12} Geller A. M., Mathieu R. D. 2012, AJ, 144, 54
\bibitem[\protect\citeauthoryear{Geller et al.}{2013a}]{geller13a} Geller A. M.,
de Grijs R., Li C., Hurley J. R. 2013, ApJ, 779, 30
\bibitem[\protect\citeauthoryear{Geller et al.}{2013b}]{geller13b} Geller A. M., Hurley J. R., Mathieu R. D. 2013, AJ, 145, 8
\bibitem[\protect\citeauthoryear{Geller \& Leigh}{2015}]{geller15} Geller A. M., Leigh W. W. C. 2015, ApJL, 808, L25 
%\bibitem[\protect\citeauthoryear{Ghez}{2008}]{ghez08} Ghez A. M., Salim S., Weinberg N. N., Lu J. R., Do T., Dunn J. K., Matthews K, Morris M. R., Yelda S., Becklin E. E., Kremenek T., Milosavlevic M., Naiman J., ApJ, 2008, 689, 1044 
%\bibitem[\protect\citeauthoryear{Ghez}{2008}]{ghez08}
\bibitem[\protect\citeauthoryear{Gosnell et al.}{2014}]{gosnell14} Gosnell N. M., Mathieu R. D., Geller A. M., Sills A., Leigh N. W. C., Knigge C. 2014, ApJ, 783, 8
\bibitem[\protect\citeauthoryear{Gosnell et al.}{2015}]{gosnell15} Gosnell N. M., Mathieu R. D., Geller A. M., Sills A., Leigh N. W. C., Knigge C. 2015, ApJ, 814, 163
\bibitem[\protect\citeauthoryear{Haiman et al.}{2009}]{haiman09} Haiman Z., Kocsis B., Menou K. 2009, ApJ, 700, 1952  
%\bibitem[\protect\citeauthoryear{Graham \& Spitler}{2009}]{Graham09} Graham A.W. \& Spitler L.R., 2009, MNRAS, 397, 2148
%\bibitem[\protect\citeauthoryear{Harris et al.}{1996; 2010 update}]{harris96} Harris W. E. 1996, AJ, 112,
%  1487; 2010 update
%\bibitem[\protect\citeauthoryear{Heggie}{1975}]{heggie75} Heggie D. C. 1975, MNRAS, 173, 729
%\bibitem[\protect\citeauthoryear{Heggie \& Hut}{2003}]{heggie03}
%  Heggie D. C., Hut P. 2003, The Gravitational Million-Body Problem:
%  A Multidisciplinary Approach to Sar Cluster Dynamics (Cambridge:
%  Cambridge University Press)
\bibitem[\protect\citeauthoryear{Hills}{1975}]{hills75} Hills J. G. 1975, AJ, 80, 809
%\bibitem[\protect\citeauthoryear{Hurley et al.}{2005}]{hurley05}
%  Hurley J. R., Pols O. R., Aarseth S. J., Tout C. A. 2005, MNRAS,
%  363, 293
%\bibitem[\protect\citeauthoryear{Hurley, Aarseth \&
%    Shara}{2007}]{hurley07} Hurley J. R., Aarseth S. J., Shara M. M. 2007, ApJ, 665, 707
%\bibitem[\protect\citeauthoryear{Hut \& Bahcall}{1983}]{hut83} Hut P., Bahcall J. N. 1983, ApJ,
%  268, 319
%\bibitem[\protect\citeauthoryear{Howarth}{1983}]{howarth83} Howarth I. D. 1983, MNRAS, 203, 301
\bibitem[\protect\citeauthoryear{Hypki \& Giersz}{2013}]{hypki13} Hypki A., Giersz M. 2013,
MNRAS, 429, 1221
\bibitem[\protect\citeauthoryear{Iben}{1991}]{iben91}  Iben I., Jr. 1991, ApJS, 76, 55
\bibitem[\protect\citeauthoryear{Kelley et al.}{2017}]{kelley17} Kelley L. Z., Blecha L., Hernquist L. 2017, MNRAS, 464, 3131 
\bibitem[\protect\citeauthoryear{Knigge, Leigh \& Sills}{2009}]{knigge09} Knigge C., Leigh
  N., Sills A. 2009, Nature, 457, 288
%\bibitem[\protect\citeauthoryear{Laidler et al.}{2008}]{laidler08} Laidler et al. 2008, ``Synphot Data User's Guide'' (Baltimore, STScI)
%\bibitem[\protect\citeauthoryear{Lanzoni et al.}{2007}]{lanzoni07} Lanzoni B., Dalessandro E., Ferraro F. R., Valenti E., Beccari G., Schiavon R. P., Rood R. T., Mapelli M., Sigurdsson S. 2007, ApJ, 663, 1040
%\bibitem[\protect\citeauthoryear{Kaluzny et al.}{1998}]{kaluzny98} Kaluzny J., Hilditch R. W., Clement C., Rucinski S. M. 1998, MNRAS, 296, 347
%\bibitem[\protect\citeauthoryear{Kaluzny et al.}{2015}]{kaluzny15} Kaluzny J., Thompson I. B., Narloch W., Pych W., Rozyczka M. 2015, Acta Astronomica, 65, 267 
\bibitem[\protect\citeauthoryear{Leigh, Sills \& Knigge}{2007}]{leigh07} Leigh
  N. W. C., Sills A., Knigge C. 2007, ApJ, 661, 210
%\bibitem[\protect\citeauthoryear{Leigh, Sills \& Knigge}{2008}]{leigh08} Leigh
%  N. W., Sills A., Knigge C. 2008, ApJ, 678, 564
%\bibitem[\protect\citeauthoryear{Leigh, Sills \& Knigge}{2009}]{leigh09} Leigh
%  N. W., Sills A., Knigge C. 2009, MNRAS, 399, L179
\bibitem[\protect\citeauthoryear{Leigh \& Sills}{2011}]{leigh11} Leigh N. W. C., Sills A. 2011, MNRAS, 410, 2370
\bibitem[\protect\citeauthoryear{Leigh et al.}{2012}]{leigh12} Leigh N. W. C., Umbreit S.,
Sills A., Knigge C., De Marchi G., Glebbeek E., Sarajedini A. 2012, MNRAS, 422, 1592
\bibitem[\protect\citeauthoryear{Leigh et al.}{2013}]{leigh13} Leigh N. W. C., Knigge C.,
Sills A., Perets H. B., Sarajedini A., Glebbeek E. 2013, MNRAS, 428, 897
%\bibitem[\protect\citeauthoryear{Leigh et al.}{2014}]{leigh14} Leigh N. W. C., L\"utzgendorf N., 
%Geller A. M., Maccarone T. J., Heinke C., Sesana A. 2014, MNRAS, 444, 29
%\bibitem[\protect\citeauthoryear{Leigh et al.}{2016a}]{leigh16a} Leigh N. W. C., Antonini F., Stone N. C., Shara M. M., Merritt D. 2016a, MNRAS, 463, 1605
%\bibitem[\protect\citeauthoryear{Leigh et al.}{2016b}]{leigh16b} Leigh N. W. C., Stone N. C., Geller A. M., Shara M. M., Muddu H., Solano-Oropeza D., Thomas Y. 2016b, MNRAS, 463, 3311 
%\bibitem[\protect\citeauthoryear{Leigh et al.}{2016c}]{leigh16c} Leigh N. W. C., Geller A. M., Toonen S. 2016c, ApJ, 818, 21
%\bibitem[\protect\citeauthoryear{Leigh et al.}{2016d}]{leigh16d} Leigh N. W. C., Shara M. M., Geller A. M. 2016d, MNRAS, 459, 1242
\bibitem[\protect\citeauthoryear{Leonard}{1989}]{leonard89} Leonard
  P. J. T. 1989, AJ, 98, 217
%\bibitem[\protect\citeauthoryear{Leonard \& Linnell}{1992}]{leonard92}
%  Leonard P. J. T., Linnell A. P. 1992, AJ, 103, 1928
%\bibitem[\protect\citeauthoryear{Leonard \& Livio}{1995}]{leonard95} Leonard P. J. T., Livio M. 1995,
%  ApJ, 447, L121
%\bibitem[\protect\citeauthoryear{Lim, Diaz \& Laidler}{2015}]{lim15} Lim P. L., Diaz R. L., Laidler V. 2015, PySynphot User's Guide (Baltimore, MD: STScI)
%\bibitem[\protect\citeauthoryear{Lovisi et al.}{2012}]{lovisi12} Lovisi L., Mucciarelli A., Lanzoni B., Ferraro F. R., Gratton R., Dalessandro E., Contreras R. R. 2012, ApJ, 754, 91
\bibitem[\protect\citeauthoryear{Maeder}{2009}]{maeder09} Maeder A. 2009, 
Physics, Formation and Evolution of Rotating Stars. Berlin: Springer-Verlag
\bibitem[\protect\citeauthoryear{Mardling \& Aarseth}{1999}]{mardling99} Mardling R. A., Aarseth S. J. 1999, ASIC, 522, 385  
%\bibitem[\protect\citeauthoryear{Mapelli et al.}{2006}]{mapelli06}
%  Mapelli M., Sigurdsson S., Ferraro F. R., Colpi M., Possenti A., Lanzoni B. 2006,
%  MNRAS, 373, 361
\bibitem[\protect\citeauthoryear{Mathieu \& Geller}{2009}]{mathieu09}
  Mathieu R. D., Geller A. R. 2009, Nature, 462, 1032
\bibitem[\protect\citeauthoryear{McCrea}{1964}]{mccrea64} McCrea
  W. H. 1964, MNRAS, 128, 147
\bibitem[\protect\citeauthoryear{Moe \& Kratter}{2018}]{moe18} Moe M., Kratter K. M. 2018, ApJ, 854, 44 
%\bibitem[\protect\citeauthoryear{Milone et al.}{2008}]{milone08}
%  Milone A. P., Piotto G., Bedin L. R., Sarajedini A. 2008, MmSAI, 79,
%  623
%\bibitem[\protect\citeauthoryear{Milone et al.}{2012}]{milone12} Milone A. P., Piotto G.,
%Bedin L. R., Aparicio A., Anderson J., Sarajedini A., Marino A. F., Moretti A.,
%Davies M. B., Chaboyer B., Dotter A., Hempel M., Marin-Franch A., Majewski S.,
%Paust N. E. Q., Reid I. N., Rosenberg A., Siegel M. 2012, A\&A, 540, 16
\bibitem[\protect\citeauthoryear{Perets \& Fabrycky}{2009}]{perets09} Perets H. B., Fabrycky D. C. 2009, ApJ, 697, 1048
%\bibitem[\protect\citeauthoryear{Pickles}{1998}]{pickles98} Pickles A. J. 1998, PASP, 110, 863
\bibitem[\protect\citeauthoryear{Piotto et al.}{2004}]{piotto04}
  Piotto G., De Angeli F., King I. R., Djorgovski S. G., Bono G.,
  Cassisi S., Meylan G., Recio-Blanco A., Rich R. M., Davies M. B. 2004,
  ApJ, 604, L109
\bibitem[\protect\citeauthoryear{Rafikov}{2016}]{rafikov16} Rafikov R. R. 2016, ApJ, 827, 111 
%\bibitem[\protect\citeauthoryear{Piotto et al.}{2007}]{piotto07}
%Piotto G., Bedin L. R., Anderson J., King I. R., Cassisi S., Milone A. P., Villanova S., Pietrinferni A., Renzini A. 2007, ApJ, 661, L53
%\bibitem[\protect\citeauthoryear{Piotto et al.}{2015}]{piotto15}
%  Piotto G., Milone A. P., Bedin L. R., Anderson J., King I. R., Marino A. F., Nardiello D., Aparicio A., Barbuy B., Bellini A., Brown T. M., Cassisi S., Cool A. M., Cunial A., Dalessandro E., D'Antona F., Ferraro F. R., Hidalgo S., Lanzoni B., Monelli M., Ortolani S., Renzini A., Sarajedini A., van der Marel R. P., Vesperini E., Zoccali M. 2015, AJ, 149, 91
%\bibitem[\protect\citeauthoryear{Raghavan et al.}{2010}]{raghavan10} Raghavan D., McAlister H. A., Henry T. J, et al. 2010, ApJS, 190, 1 
\bibitem[\protect\citeauthoryear{Sandquist et al.}{2003}]{sandquist03} Sandquist E. L., Latham D. W., Shetrone M. D., Milone A. A. E. 2003, AJ, 125, 810
%\bibitem[\protect\citeauthoryear{Sarajedini et al.}{2007}]{sarajedini07}
%  Sarajedini A., Bedin L. R., Chaboyer B., Dotter  A., Siegel M.,
%  Anderson J., Aparicio A., King I., Majewski S., Marin-Franch A.,
%  Piotto G., Reid  I. N., Rosenberg A., Steven M. 2007, AJ, 133, 1658
%\bibitem[\protect\citeauthoryear{Sigurdsson \& Phinney}{1993}]{sigurdsson93} Sigurdsson S. \& Phinney S.L. 1993, ApJ, 415, 631 
%\bibitem[\protect\citeauthoryear{Shara et al.}{1995}]{shara95} Shara
%  M. M., Drissen L., Bergeron L. E.,  Paresce F. 1995, ApJ, 441, 617
\bibitem[\protect\citeauthoryear{Shara, Saffer \&
    Livio}{1997}]{shara97} Shara M. M., Saffer R. A., Livio M. 1997,
  ApJ, 489, L59
\bibitem[\protect\citeauthoryear{Sills et al.}{1997}]{sills97} Sills A., Lombardi J. C. Jr.,
Bailyn C. D., Demarque P., Rasio F. A., Shapiro S. L. 1997, ApJ, 487, 290
\bibitem[\protect\citeauthoryear{Sills \& Bailyn}{1999}]{sills99} Sills A., Bailyn C. D. 1999,
  ApJ, 513, 428
\bibitem[\protect\citeauthoryear{Sills et al.}{2001}]{sills01} Sills A. R., Faber J. A.,
  Lombardi J. C., Rasio F. A., Waren A. R. 2001, ApJ, 548, 323
\bibitem[\protect\citeauthoryear{Simunovic, Puzia \& Sills}{2014}]{simunovic14} Simunovic, M., Puzia, T. H., Sills, A. 2014, ApJL, 795, L10
\bibitem[\protect\citeauthoryear{Simunovic \& Puzia}{2016}]{simunovic16} Simunovic M., Puzia T. H. 2016, MNRAS 462, 3401
\bibitem[\protect\citeauthoryear{Tobin et al.}{2018}]{tobin18} Tobin J. J., Looney L. W., Li Z.-Y., Sadavoy S. I., Dunham M. M. Segura-Cox D., Kratter K., Chandler C. J., Melis C., Harris R. J., Perez L. 2018, ApJ, 867, 43 
%\bibitem[\protect\citeauthoryear{Sirianni et al.}{2005}]{sirianni05} Sirianni M., Jee M. J., Benitez N., Blakeslee J. P., Martel A. R., Meurer G., Clampin M., De Marchi G., Ford H. C., Gilliland R., Hartig G. F., Illingworth G. D., Mack J., McCann W. J. 2005, PASP, 117, 1049
%\bibitem[\protect\citeauthoryear{Sollima et al.}{2007}]{sollima07}
%  Sollima A., Beccari G., Ferraro F. R., Fusi Pecci F., Sarajedini
%  A. 2008, MNRAS, 380, 781
%\bibitem[\protect\citeauthoryear{Sollima et al.}{2008}]{sollima08}
%  Sollima A., Beccari G., Ferraro F. R., Fusi Pecci F., Sarajedini
%  A. 2007, A\&A, 481, 701
%\bibitem[\protect\citeauthoryear{Soto et al.}{2017}]{soto17} Soto M., Belloni A., Anderson J., Piotto G., Bedin L. R., van der Marel R. P., Milone A. P., Brown T. M., Cool A. M., King I. R., Sarajedini A., Granata V., Cassisi S., Aparicio A., Hidalgo S., Ortolani S., Nardiello D. 2017, AJ, 153, 19
%\bibitem[\protect\citeauthoryear{Spitzer}{1969}]{spitzer69} Spitzer
%  L. Jr. 1969, ApJ, 168, L139
%\bibitem[\protect\citeauthoryear{Spitzer}{1987}]{spitzer87} Spitzer L. 1987, Dynamical Evolution of Globular Clusters (Princeton: Princeton University Press)
%\bibitem[\protect\citeauthoryear{Tout et al.}{1996}]{tout96} Tout C. A., Pols O. R., Eggleton P. P., Han Z. 1996, MNRAS, 281, 257
\bibitem[\protect\citeauthoryear{van den Berg et al.}{2001}]{vandenberg01} van den Berg M., Orosz J., Verbunt F., Stassun K. 2001, A\&A, 375, 375

\end{thebibliography}
